<?xml version="1.0" encoding="UTF-8"?><searchRetrieveResponse xmlns="http://www.loc.gov/zing/srw/">
  <version>1.2</version>
  <numberOfRecords>1</numberOfRecords>
  <records>
    <record>
      <recordSchema>marcxml</recordSchema>
      <recordPacking>xml</recordPacking>
      <recordData>
        <record xmlns="http://www.loc.gov/MARC21/slim">
          <leader>02436nam a2200661 cb4500</leader>
          <controlfield tag="001">990130337240203331</controlfield>
          <controlfield tag="005">20180620102402.0</controlfield>
          <controlfield tag="007">tu</controlfield>
          <controlfield tag="008">160811|2016####au#######m####|||#0#ger#u</controlfield>
          <controlfield tag="009">AC13294667</controlfield>
          <datafield tag="015" ind1=" " ind2=" ">
            <subfield code="a">16,N20</subfield>
            <subfield code="2">dnb</subfield>
          </datafield>
          <datafield tag="015" ind1=" " ind2=" ">
            <subfield code="a">OeB2016,A,20 943.6</subfield>
            <subfield code="2">oeb</subfield>
          </datafield>
          <datafield tag="020" ind1=" " ind2=" ">
            <subfield code="a">9783205203414</subfield>
            <subfield code="c">Festeinband : EUR 70,00</subfield>
          </datafield>
          <datafield tag="035" ind1=" " ind2=" ">
            <subfield code="a">(DE-599)BVBBV043590768</subfield>
          </datafield>
          <datafield tag="035" ind1=" " ind2=" ">
            <subfield code="a">(AT-OBV)AC13294667</subfield>
          </datafield>
          <datafield tag="040" ind1=" " ind2=" ">
            <subfield code="a">UBL</subfield>
            <subfield code="b">ger</subfield>
            <subfield code="d">UBK</subfield>
            <subfield code="e">rda</subfield>
          </datafield>
          <datafield tag="041" ind1=" " ind2=" ">
            <subfield code="a">ger</subfield>
          </datafield>
          <datafield tag="044" ind1=" " ind2=" ">
            <subfield code="c">XA-AT</subfield>
            <subfield code="c">XA-DE</subfield>
          </datafield>
          <datafield tag="082" ind1="0" ind2="4">
            <subfield code="a">943.60512</subfield>
            <subfield code="q">DE-101</subfield>
            <subfield code="2">22/ger</subfield>
          </datafield>
          <datafield tag="084" ind1=" " ind2=" ">
            <subfield code="a">940</subfield>
            <subfield code="q">DE-101</subfield>
            <subfield code="2">sdnb</subfield>
          </datafield>
          <datafield tag="084" ind1=" " ind2=" ">
            <subfield code="a">15.60</subfield>
            <subfield code="2">bkl</subfield>
          </datafield>
          <datafield tag="084" ind1=" " ind2=" ">
            <subfield code="a">89.36</subfield>
            <subfield code="2">bkl</subfield>
          </datafield>
          <datafield tag="089" ind1="0" ind2="4">
            <subfield code="a">943.60512</subfield>
            <subfield code="c">943.60512</subfield>
            <subfield code="e">DDC22ger</subfield>
          </datafield>
          <datafield tag="090" ind1=" " ind2=" ">
            <subfield code="a">b</subfield>
            <subfield code="h">g</subfield>
          </datafield>
          <datafield tag="100" ind1="1" ind2=" ">
            <subfield code="a">Kustatscher, Erika</subfield>
            <subfield code="d">1963-</subfield>
            <subfield code="0">(DE-588)140263179</subfield>
            <subfield code="4">aut</subfield>
          </datafield>
          <datafield tag="245" ind1="0" ind2="0">
            <subfield code="a">"Berufsstand" oder "Stand"?</subfield>
            <subfield code="b">ein politischer Schlüsselbegriff im Österreich der Zwischenkriegszeit</subfield>
            <subfield code="c">Erika Kustatscher</subfield>
          </datafield>
          <datafield tag="264" ind1=" " ind2="1">
            <subfield code="a">Wien</subfield>
            <subfield code="a">Köln</subfield>
            <subfield code="a">Weimar</subfield>
            <subfield code="b">Böhlau Verlag</subfield>
            <subfield code="c">2016</subfield>
          </datafield>
          <datafield tag="300" ind1=" " ind2=" ">
            <subfield code="a">676 Seiten</subfield>
            <subfield code="c">25 cm</subfield>
          </datafield>
          <datafield tag="336" ind1=" " ind2=" ">
            <subfield code="b">txt</subfield>
          </datafield>
          <datafield tag="337" ind1=" " ind2=" ">
            <subfield code="b">n</subfield>
          </datafield>
          <datafield tag="338" ind1=" " ind2=" ">
            <subfield code="b">nc</subfield>
          </datafield>
          <datafield tag="490" ind1="1" ind2=" ">
            <subfield code="a">Veröffentlichungen der Kommission für Neuere Geschichte Österreichs</subfield>
            <subfield code="v">Band 113</subfield>
          </datafield>
          <datafield tag="500" ind1=" " ind2=" ">
            <subfield code="a">Literaturvezeichnis: Seite [580]-665</subfield>
          </datafield>
          <datafield tag="500" ind1=" " ind2=" ">
            <subfield code="a">Gekürzte und überarbeitete Fassung der Habilitationsschrift</subfield>
          </datafield>
          <datafield tag="502" ind1=" " ind2=" ">
            <subfield code="b">Habilitationsschrift</subfield>
            <subfield code="c">Universität Innsbruck</subfield>
            <subfield code="d">2013</subfield>
          </datafield>
          <datafield tag="650" ind1=" " ind2="4">
            <subfield code="a">Austrofaschismus</subfield>
          </datafield>
          <datafield tag="650" ind1=" " ind2="4">
            <subfield code="a">Konservativismus</subfield>
          </datafield>
          <datafield tag="650" ind1=" " ind2="4">
            <subfield code="a">Ständediskurs</subfield>
          </datafield>
          <datafield tag="650" ind1=" " ind2="4">
            <subfield code="a">Ständestaat</subfield>
          </datafield>
          <datafield tag="650" ind1=" " ind2="4">
            <subfield code="a">550</subfield>
          </datafield>
          <datafield tag="689" ind1="0" ind2="0">
            <subfield code="a">Österreich</subfield>
            <subfield code="D">g</subfield>
            <subfield code="0">(DE-588)4043271-3</subfield>
          </datafield>
          <datafield tag="689" ind1="0" ind2="1">
            <subfield code="a">Berufsständische Ordnung</subfield>
            <subfield code="D">s</subfield>
            <subfield code="0">(DE-588)4469652-8</subfield>
          </datafield>
          <datafield tag="689" ind1="0" ind2="2">
            <subfield code="a">Autoritärer Staat</subfield>
            <subfield code="D">s</subfield>
            <subfield code="0">(DE-588)4256521-2</subfield>
          </datafield>
          <datafield tag="689" ind1="0" ind2="3">
            <subfield code="a">Geschichte 1933-1938</subfield>
            <subfield code="A">z</subfield>
          </datafield>
          <datafield tag="689" ind1="0" ind2=" ">
            <subfield code="5">AT-OBV</subfield>
            <subfield code="5">UBSRS.</subfield>
          </datafield>
          <datafield tag="689" ind1="1" ind2="0">
            <subfield code="a">Österreich</subfield>
            <subfield code="D">g</subfield>
            <subfield code="0">(DE-588)4043271-3</subfield>
          </datafield>
          <datafield tag="689" ind1="1" ind2="1">
            <subfield code="a">Ständestaat</subfield>
            <subfield code="D">s</subfield>
            <subfield code="0">(DE-588)4182790-9</subfield>
          </datafield>
          <datafield tag="689" ind1="1" ind2="2">
            <subfield code="a">Diskurs</subfield>
            <subfield code="D">s</subfield>
            <subfield code="0">(DE-588)4012475-7</subfield>
          </datafield>
          <datafield tag="689" ind1="1" ind2="3">
            <subfield code="a">Geschichte 1933-1938</subfield>
            <subfield code="A">z</subfield>
          </datafield>
          <datafield tag="689" ind1="1" ind2=" ">
            <subfield code="5">AT-OBV</subfield>
            <subfield code="5">DNB</subfield>
          </datafield>
          <datafield tag="776" ind1="0" ind2="8">
            <subfield code="i">Erscheint auch als</subfield>
            <subfield code="n">Online-Ausgabe</subfield>
            <subfield code="t">"Berufsstand" oder "Stand"? / Erika Kustatscher. - Wien ; Köln ; Weimar : Böhlau Verlag, 2016</subfield>
            <subfield code="w">(AT-OBV)AC13333385</subfield>
          </datafield>
          <datafield tag="830" ind1=" " ind2="0">
            <subfield code="w">(AT-OBV)AC00112585</subfield>
            <subfield code="v">113</subfield>
            <subfield code="9">O:1</subfield>
          </datafield>
          <datafield tag="856" ind1="4" ind2="2">
            <subfield code="m">V:AT-OBV;B:AT-UBTUW</subfield>
            <subfield code="q">application/pdf</subfield>
            <subfield code="u">http://media.obvsg.at/AC13294667-1001</subfield>
            <subfield code="x">TUW</subfield>
            <subfield code="3">Inhaltsverzeichnis</subfield>
            <subfield code="o">OBV-EDOC</subfield>
          </datafield>
          <datafield tag="852" ind1="0" ind2="1">
            <subfield code="a">43ACC_UBS</subfield>
            <subfield code="6">990024116360203341</subfield>
            <subfield code="9">P</subfield>
          </datafield>
          <datafield tag="852" ind1="0" ind2="1">
            <subfield code="a">43ACC_WIENB</subfield>
            <subfield code="6">9910641460304516</subfield>
            <subfield code="9">P</subfield>
          </datafield>
          <datafield tag="852" ind1="0" ind2="1">
            <subfield code="a">43ACC_UBW</subfield>
            <subfield code="6">990079267560203332</subfield>
            <subfield code="9">P</subfield>
          </datafield>
          <datafield tag="852" ind1="0" ind2="1">
            <subfield code="a">43ACC_UBG</subfield>
            <subfield code="6">990028582740203339</subfield>
            <subfield code="9">P</subfield>
          </datafield>
          <datafield tag="852" ind1="0" ind2="1">
            <subfield code="a">43ACC_OEAW</subfield>
            <subfield code="6">990003099510504498</subfield>
            <subfield code="9">P</subfield>
          </datafield>
          <datafield tag="852" ind1="0" ind2="1">
            <subfield code="a">43ACC_AKW</subfield>
            <subfield code="6">990004591060203343</subfield>
            <subfield code="9">P</subfield>
          </datafield>
          <datafield tag="852" ind1="0" ind2="1">
            <subfield code="a">43ACC_BRIDGE_SLA</subfield>
            <subfield code="6">9917523804463</subfield>
            <subfield code="9">P</subfield>
          </datafield>
          <datafield tag="852" ind1="0" ind2="1">
            <subfield code="a">43ACC_UBK</subfield>
            <subfield code="6">990008042500203346</subfield>
            <subfield code="9">P</subfield>
          </datafield>
          <datafield tag="852" ind1="0" ind2="1">
            <subfield code="a">43ACC_UBL</subfield>
            <subfield code="6">990006476940103340</subfield>
            <subfield code="9">P</subfield>
          </datafield>
          <datafield tag="852" ind1="0" ind2="1">
            <subfield code="a">43ACC_ONB</subfield>
            <subfield code="6">990049528130603338</subfield>
            <subfield code="9">P</subfield>
          </datafield>
          <datafield tag="852" ind1="0" ind2="1">
            <subfield code="a">43ACC_OOELB</subfield>
            <subfield code="6">990007498750304508</subfield>
            <subfield code="9">P</subfield>
          </datafield>
          <datafield tag="852" ind1="0" ind2="1">
            <subfield code="a">43ACC_BRIDGE_PAR</subfield>
            <subfield code="6">9914559504485</subfield>
            <subfield code="9">P</subfield>
          </datafield>
          <datafield tag="970" ind1="1" ind2=" ">
            <subfield code="c">54</subfield>
          </datafield>
          <datafield tag="970" ind1="4" ind2=" ">
            <subfield code="b">BVBKAT</subfield>
          </datafield>
          <datafield tag="974" ind1="0" ind2="s">
            <subfield code="F">030</subfield>
            <subfield code="A">a|1urr|||||17</subfield>
          </datafield>
          <datafield tag="974" ind1="0" ind2="s">
            <subfield code="F">050</subfield>
            <subfield code="A">a|b|||||||||||</subfield>
          </datafield>
          <datafield tag="974" ind1="0" ind2="s">
            <subfield code="F">051</subfield>
            <subfield code="A">su||w|||</subfield>
          </datafield>
        </record>
      </recordData>
      <recordIdentifier>990130337240203331</recordIdentifier>
      <recordPosition>1</recordPosition>
    </record>
  </records>
  <extraResponseData xmlns:xb="http://www.exlibris.com/repository/search/xmlbeans/">
    <xb:exact>true</xb:exact>
    <xb:responseDate>2020-12-30T00:25:23+0100</xb:responseDate>
  </extraResponseData>
</searchRetrieveResponse>